%% This BibTeX bibliography file was created using BibDesk.
%% http://bibdesk.sourceforge.net/


%% Created for Rob Kutter at 2014-11-25 22:22:50 -0700 


%% Saved with string encoding Unicode (UTF-8) 

@online{t200,
  author = {{Blue Robotics Inc.}},
  title = {Blue Robotics T200 Thruster},
  year = 2020,
  url = {https://bluerobotics.com/store/thrusters/t100-t200-thrusters/t200-thruster/},
  urldate = {2020-08-22}
}

@online{enclosure,
  author = {{Blue Robotics Inc.}},
  title = {Underwater Subsea Pressure Vessel Enclosure for ROVs and AUVs},
  year = 2020,
  url = {https://bluerobotics.com/store/watertight-enclosures/8-series/wte8-asm-r1/},
  urldate = {2020-08-22}
}

@online{minerva,
  author = {{NTNU}, {Norwegian University of Science and Technology}},
  title = {ROV Minerva},
  year = 2020,
  url = {https://www.ntnu.edu/aur-lab/rov-minerva},
  urldate = {2020-10-02}
}

@online{sofar,
  author = {SofarOcean},
  title = {Explore the underwater world with Trident},
  year = 2020,
  url = {https://www.sofarocean.com/products/trident},
  urldate = {2020-10-02}
}

@online{pinger,
  author = {{Blue Robotics Inc.}},
  title = {Ping Sonar Echosounder for Underwater Distance Measurement},
  year = 2020,
  url = {https://bluerobotics.com/product-category/sensors-sonars-cameras/sonar/},
  urldate = {2020-08-22}
}

@online{batt,
  author = {{Blue Robotics Inc.}},
  title = {Blue Robotics Lithium-ion Battery (14.8V, 18Ah)},
  year = 2020,
  url = {https://bluerobotics.com/store/comm-control-power/powersupplies-batteries/battery-li-4s-18ah-r3/},
  urldate = {2020-08-22}
}
@online{bluerov,
  author = {{Blue Robotics Inc.}},
  title = {BlueROV2 - Affordable and Capable Underwater ROV},
  year = 2020,
  url = {https://bluerobotics.com/store/rov/bluerov2/},
  urldate = {2020-10-02}
}

@online{aaus,
  author = {{AAUS}, American Academy of Underwater Sciences},
  title = {Standards for Scientific Diving Manual},
  year = 2019,
  url = {https://www.aaus.org/AAUS/About/Diving_Standards/AAUS/Diving_Standards.aspx?hkey=25acfc9a-aea5-4e7f-86c6-9c514c1e764c},
  urldate = {2020-09-12}
}

@misc{dan,
   title={DAN Annual Diving Report, 2016 Edition},
   editor={Peter Buzzacott},
   howpublished={\url{https://www.diversalertnetwork.org/medical/report/}},
   year={2016}
}

@Article{dcs,
   Author="Hall, Jennifer ",
   Title="{{T}he risks of scuba diving: a focus on {D}ecompression {I}llness}",
   Journal="Hawaii J Med Public Health",
   Year="2014",
   Volume="73",
   Number="11 Suppl 2",
   Pages="13--16",
   Month="11"
}

@inproceedings{aqua,
author = {Georgiades, C. and German, A. and Hogue, Andrew and Liu, Hui and Prahacs, Chris and Ripsman, A. and Sim, R. and Torres-Méndez, L. Abril and Zhang, Pifu and Buehler, Martin and Dudek, G. and Jenkin, Michael and Milios, Evangelos},
year = {2004},
month = {01},
pages = {3525 - 3531},
title = {AQUA: an aquatic walking robot},
volume = {4},
isbn = {0-7803-8463-6},
doi = {10.1109/IROS.2004.1389962}
}

@ARTICLE{rtcv,  
author={A. {Manzanilla} and S. {Reyes} and M. {Garcia} and D. {Mercado} and R. {Lozano}},  journal={IEEE Robotics and Automation Letters},   title={Autonomous Navigation for Unmanned Underwater Vehicles: Real-Time Experiments Using Computer Vision},   year={2019},  volume={4},  number={2},  pages={1351-1356},  doi={10.1109/LRA.2019.2895272}}

@misc{manderson2020visionbased,
      title={Vision-Based Goal-Conditioned Policies for Underwater Navigation in the Presence of Obstacles}, 
      author={Travis Manderson and Juan Camilo Gamboa Higuera and Stefan Wapnick and Jean-François Tremblay and Florian Shkurti and David Meger and Gregory Dudek},
      year={2020},
      eprint={2006.16235},
      archivePrefix={arXiv},
      primaryClass={cs.RO}
}
@inproceedings{mss,
      title={A Matlab Tool for Parametric Identification of Radiation-Force Models of Ships and Offshore Structures. Modelling, Identification and Control}, 
      author={T. Perez and T. I. Fossen},
      year={2009},
      pages = {MIC-30(1):1-15},
      url = {https://github.com/cybergalactic/MSS}
}

@inproceedings{MandersonGPU,
 author = {Manderson, Travis and Dudek, Gregory},
 booktitle = {OCEANS 2018 MTS/IEEE Charleston},
 doi = {10.1109/OCEANS.2018.8604645},
 isbn = {978-1-5386-4814-8},
 month = {10},
 pages = {1--6},
 publisher = {IEEE},
 title = {GPU-Assisted Learning on an Autonomous Marine Robot for Vision-Based Navigation and Image Understanding},
 url = {https://ieeexplore.ieee.org/document/8604645/},
 year = {2018}
}

@INPROCEEDINGS{hipp1,
  author={A. {Hackbarth} and E. {Kreuzer} and E. {Solowjow}},
  booktitle={2015 IEEE/RSJ International Conference on Intelligent Robots and Systems (IROS)}, 
  title={HippoCampus: A micro underwater vehicle for swarm applications}, 
  year={2015},
  volume={},
  number={},
  pages={2258-2263},
  doi={10.1109/IROS.2015.7353680}}
  
 @INPROCEEDINGS{hipp_pen,
  author={D. A. {Duecker} and A. {Hackbarth} and T. {Johannink} and E. {Kreuzer} and E. {Solowjow}},
  booktitle={2018 IEEE International Conference on Robotics and Automation (ICRA)}, 
  title={Micro Underwater Vehicle Hydrobatics: A Submerged Furuta Pendulum}, 
  year={2018},
  volume={},
  number={},
  pages={7498-7503},
  doi={10.1109/ICRA.2018.8461091}}
  
@article{lauv,
    author = {Sousa, A. and Madureira, Luis and Coelho, J. and Pinto, Jose and Pereira, J. and Sousa, J.B. and Dias, Paulo},
    year = {2012},
    month = {01},
    pages = {268-274},
    title = {LAUV: The man-portable autonomous underwater vehicle},
    volume = {3}
}
@inbook{thor,
    publisher = {John Wiley \& Sons, Ltd},
    author = {Thor I. Fossen},
    isbn = {9781119994138},
    booktitle = {Handbook of Marine Craft Hydrodynamics and Motion Control},
    url = {https://onlinelibrary.wiley.com/doi/abs/10.1002/9781119994138},
    eprint = {https://onlinelibrary.wiley.com/doi/pdf/10.1002/9781119994138},
    year = {2011}}

@inbook{thor_intro,
    publisher = {John Wiley \& Sons, Ltd},
    author = {Thor I. Fossen},
    isbn = {9781119994138},
    title = {Introduction},
    booktitle = {Handbook of Marine Craft Hydrodynamics and Motion Control},
    chapter = {1},
    pages = {1-14},
    doi = {10.1002/9781119994138.ch1},
    url = {https://onlinelibrary.wiley.com/doi/abs/10.1002/9781119994138.ch1},
    eprint = {https://onlinelibrary.wiley.com/doi/pdf/10.1002/9781119994138.ch1},
    year = {2011}}

@inbook{thor_kin,
    publisher = {John Wiley \& Sons, Ltd},
    author = {Thor I. Fossen},
    isbn = {9781119994138},
    title = {Kinematics},
    booktitle = {Handbook of Marine Craft Hydrodynamics and Motion Control},
    chapter = {2},
    pages = {15-44},
    doi = {10.1002/9781119994138.ch2},
    url = {https://onlinelibrary.wiley.com/doi/abs/10.1002/9781119994138.ch2},
    eprint = {https://onlinelibrary.wiley.com/doi/pdf/10.1002/9781119994138.ch2},
    year = {2011}
    }
@inbook{thor_rb,
    publisher = {John Wiley \& Sons, Ltd},
    author = {Thor I. Fossen},
    isbn = {9781119994138},
    title = {Rigid-Body Kinetics},
    booktitle = {Handbook of Marine Craft Hydrodynamics and Motion Control},
    chapter = {3},
    pages = {45-58},
    doi = {10.1002/9781119994138.ch3},
    url = {https://onlinelibrary.wiley.com/doi/abs/10.1002/9781119994138.ch3},
    eprint = {https://onlinelibrary.wiley.com/doi/pdf/10.1002/9781119994138.ch3},
    year = {2011}}

@inbook{thor_hd,
    publisher = {John Wiley \& Sons, Ltd},
    author = {Thor I. Fossen},
    isbn = {9781119994138},
    title = {Hydrostatics},
    booktitle = {Handbook of Marine Craft Hydrodynamics and Motion Control},
    chapter = {4},
    pages = {59-80},
    doi = {10.1002/9781119994138.ch4},
    url = {https://onlinelibrary.wiley.com/doi/abs/10.1002/9781119994138.ch4},
    eprint = {https://onlinelibrary.wiley.com/doi/pdf/10.1002/9781119994138.ch4},
    year = {2011}}

@inbook{thor_man,

    publisher = {John Wiley \& Sons, Ltd},
    author = {Thor I. Fossen},
    isbn = {9781119994138},
    title = {Maneuvering Theory},
    booktitle = {Handbook of Marine Craft Hydrodynamics and Motion Control},
    chapter = {6},
    pages = {109-132},
    doi = {10.1002/9781119994138.ch6},
    url = {https://onlinelibrary.wiley.com/doi/abs/10.1002/9781119994138.ch6},
    eprint = {https://onlinelibrary.wiley.com/doi/pdf/10.1002/9781119994138.ch6},
    year = {2011}}

@inbook{thor_mod,
    publisher = {John Wiley \& Sons, Ltd},
    author = {Thor I. Fossen},
    isbn = {9781119994138},
    title = {Models for Ships, Offshore Structures and Underwater Vehicles},
    booktitle = {Handbook of Marine Craft Hydrodynamics and Motion Control},
    chapter = {7},
    pages = {133-186},
    doi = {10.1002/9781119994138.ch7},
    url = {https://onlinelibrary.wiley.com/doi/abs/10.1002/9781119994138.ch7},
    eprint = {https://onlinelibrary.wiley.com/doi/pdf/10.1002/9781119994138.ch7},
    year = {2011}}

@article{gdcs_gao,
title = {Airborne mapping of benthic reflectance spectra with Bayesian linear mixtures},
journal = "Remote Sensing of Environment",
volume = "200",
pages = "18 - 30",
year = "2017",
issn = "0034-4257",
doi = "https://doi.org/10.1016/j.rse.2017.07.030",
url = "http://www.sciencedirect.com/science/article/pii/S0034425717303449",
author = {David R. Thompson and Eric J. Hochberg and Gregory P. Asner and Robert O. Green and David E. Knapp and Bo-Cai Gao and Rodrigo Garcia and Michelle Gierach and Zhongping Lee and Stephane Maritorena and Ronald Fick}}

@article{gdcs_sat,
title = "Adaptive bathymetry estimation for shallow coastal waters using Planet Dove satellites",
journal = "Remote Sensing of Environment",
volume = "232",
pages = "111302",
year = "2019",
issn = "0034-4257",
doi = "https://doi.org/10.1016/j.rse.2019.111302",
url = "http://www.sciencedirect.com/science/article/pii/S0034425719303219",
author = "Jiwei Li and David E. Knapp and Steven R. Schill and Chris Roelfsema and Stuart Phinn and Miles Silman and Joseph Mascaro and Gregory P. Asner"}

@article{gdcs_ads,
title = "The sensitivity of multi-spectral satellite sensors to benthic habitat change",
author = "Jiwei Li and Fabina, {Nicholas S.} and Knapp, {David E.} and Asner, {Gregory P.}",
year = "2020",
month = feb,
day = "1",
doi = "10.3390/rs12030532",
language = "English (US)",
volume = "12",
journal = "Remote Sensing",
issn = "2072-4292",
publisher = "Multidisciplinary Digital Publishing Institute (MDPI)",
number = "3",
}
@article{burns, title={Integrating Three-Dimensional Benthic Habitat Characterization Techniques into Ecological Monitoring of Coral Reefs}, volume={7}, ISSN={2077-1312}, url={http://dx.doi.org/10.3390/jmse7020027}, DOI={10.3390/jmse7020027}, number={2}, journal={Journal of Marine Science and Engineering}, publisher={MDPI AG}, author={Fukunaga, Atsuko and Burns, John and Craig, Brianna and Kosaki, Randall}, year={2019}, month={01}, pages={27}}

@book{kirk2012optimal,
  title={Optimal Control Theory: An Introduction},
  author={Kirk, D.E.},
  isbn={9780486135076},
  series={Dover Books on Electrical Engineering},
  url={https://books.google.com/books?id=onuH0PnZwV4C},
  year={2012},
  publisher={Dover Publications}
}

@online{px4_pixhawk,
  author = {{PX4 Dev Team}},
  title = {Hex Cube Black (FMUv2) PX4 User Guide},
  year = 2020,
  url = {https://docs.px4.io/master/en/flight_controller/pixhawk-2.html},
  urldate = {2020-06-29}
}

@online{px4,
  author = {{Dronecode Project, Inc.}},
  title = {Open Source Autopilot for Drones - PX4 Autopilot},
  year = 2020,
  url = {https://px4.io},
  urldate = {2020-07-07}
}

@online{tx2,
  author = {{NVIDIA Corporation}},
  title = {Jetson TX2 Module | NVIDIA Developer},
  year = 2020,
  url = {https://developer.nvidia.com/embedded/jetson-tx2},
  urldate = {2020-06-29}
}

@online{jetpack,
  author = {{NVIDIA Corporation}},
  title = {JetPack SDK | NVIDIA Developer},
  year = 2020,
  url = {https://developer.nvidia.com/embedded/jetpack},
  urldate = {2020-06-29}
}

@online{orbitty,
  author = {{Connect Tech Inc.}},
  title = {Orbitty Carrier for NVIDIA Jetson TX2/TX1},
  year = 2020,
  url = {https://connecttech.com/product/orbitty-carrier-for-nvidia-jetson-tx2-tx1/},
  urldate = {2020-06-29}
}

@online{zed,
  author = {{Stereolabs Inc.}},
  title = {ZED 2 -AI Stereo Camera | Stereolabs},
  year = 2020,
  url = {https://www.stereolabs.com/zed-2/},
  urldate = {2020-06-29}
}

@online{ros,
  author = {{Open Robotics}},
  title = {ROS.org | Powering the World's Robots},
  year = 2020,
  url = {https://www.ros.org/},
  urldate = {2020-07-07}
}

@online{ros-wiki,
  author = {{Open Source Robotics Foundation}},
  title = {Documentation - ROS Wiki},
  year = 2020,
  url = {https://wiki.ros.org/},
  urldate = {2020-07-07}
}

@online{mavros,
  author = {Vladimir Ermakov},
  title = {mavros-ROS Wiki},
  year = 2018,
  url = {http://wiki.ros.org/mavros},
  urldate = {2020-07-07}
}

@online{qgc,
  author = {{Dronecode Project Inc.}},
  title = {QGC - QGroundControl - Drone Control},
  year = 2019,
  url = {http://qgroundcontrol.com/},
  urldate = {2020-07-07}
}

@online{gazebo,
  author = {{Open Source Robotics Foundation}},
  title = {Gazebo},
  year = 2020,
  url = {http://gazebosim.org/},
  urldate = {2020-07-07}
}

@inproceedings{uuv,
    doi = {10.1109/oceans.2016.7761080},
    url = {https://doi.org/10.1109%2Foceans.2016.7761080},
    year = 2016,
    month = {09},
    publisher = {{IEEE}},
    author = {Musa Morena Marcusso Manh{\~{a}}es and Sebastian A. Scherer and Martin Voss and Luiz Ricardo Douat and Thomas Rauschenbach},
    title = {{UUV} Simulator: A Gazebo-based package for underwater intervention and multi-robot simulation},
    booktitle = {{OCEANS} 2016 {MTS}/{IEEE} Monterey}
}

@online{sonar,
  author = {Stefan Kohlbrecher and Johannes Meyer},
  title = {hector_gazebo_plugins - ROS Wiki},
  year = 2016,
  url = {http://wiki.ros.org/hector_gazebo_plugins},
  urldate = {2020-10-02}
}


@article{mono-vio,
  author    = {Maxime Ferrera and
               Julien Moras and
               Pauline Trouv{\'{e}}{-}Peloux and
               Vincent Creuze},
  title     = {Real-time Monocular Visual Odometry for Turbid and Dynamic Underwater
               Environments},
  journal   = {CoRR},
  volume    = {abs/1806.05842},
  year      = {2018},
  url       = {http://arxiv.org/abs/1806.05842},
  archivePrefix = {arXiv},
  eprint    = {1806.05842},
  timestamp = {Mon, 13 Aug 2018 16:49:17 +0200},
  biburl    = {https://dblp.org/rec/journals/corr/abs-1806-05842.bib},
  bibsource = {dblp computer science bibliography, https://dblp.org}
}

@article{aqualoc,
   title={AQUALOC: An underwater dataset for visual–inertial–pressure localization},
   volume={38},
   ISSN={1741-3176},
   url={http://dx.doi.org/10.1177/0278364919883346},
   DOI={10.1177/0278364919883346},
   number={14},
   journal={The International Journal of Robotics Research},
   publisher={SAGE Publications},
   author={Ferrera, Maxime and Creuze, Vincent and Moras, Julien and Trouvé-Peloux, Pauline},
   year={2019},
   month={10},
   pages={1549–1559}
}
@online{light-coms,
  author = {Hydromea},
  title = {LUMA - Hydromea},
  year = 2020,
  url = {https://www.hydromea.com/underwater-wireless-communication/},
  urldate = {2020-07-07}
}

@article{faf,
   title={Fast, autonomous flight in GPS-denied and cluttered environments},
   volume={35},
   ISSN={1556-4959},
   url={http://dx.doi.org/10.1002/rob.21774},
   DOI={10.1002/rob.21774},
   number={1},
   journal={Journal of Field Robotics},
   publisher={Wiley},
   author={Mohta, Kartik and Watterson, Michael and Mulgaonkar, Yash and Liu, Sikang and Qu, Chao and Makineni, Anurag and Saulnier, Kelsey and Sun, Ke and Zhu, Alex and Delmerico, Jeffrey and et al.},
   year={2017},
   month={Dec},
   pages={101–120}
}

@online{jd-pool,
  author = {{DREAMS Laboratory}},
  title = {uDrone EVO 3 propulsion test},
  url = {https://www.youtube.com/watch?v=sM6XzXgjIlo},
  urldate = {2020-11-04}
  }


% @book{dwilkins1995,
% 	Author = {David R. Wilkins},
% 	Date-Added = {2014-11-25 22:19:23 -0700},
% 	Date-Modified = {2014-11-25 22:22:50 -0700},
% 	Edition = {2},
% 	Lastchecked = {2014-11-25},
% 	Title = {Getting Started with LaTeX},
% 	Url = {http://www.maths.tcd.ie/~dwilkins/LaTeXPrimer/},
% 	Year = {1995}}

% @artwork{krishnappa_adult_2012,
% 	Author = {Krishnappa, Yathin S.},
% 	Date = {2012-11-24},
% 	Date-Added = {2014-09-24 20:10:56 -0700},
% 	Date-Modified = {2014-09-24 20:10:56 -0700},
% 	File = {Wikimedia Snapshot:/Users/rob/Library/Application Support/Zotero/Profiles/fkj6otkt.default/zotero/storage/2MPPEJ6M/FileAntidorcas_marsupialis,_male_(Etosha,_2012).html:text/html},
% 	Title = {Adult springbok (Antidorcas marsupialis) male in Etosha National Park},
% 	Url = {https://commons.wikimedia.org/wiki/File:Antidorcas_marsupialis,_male_(Etosha,_2012).jpg},
% 	Urldate = {2014-09-25},
% 	Year = {2012},
% 	Bdsk-Url-1 = {https://commons.wikimedia.org/wiki/File:Antidorcas_marsupialis,_male_(Etosha,_2012).jpg}}

% @artwork{ramsey_photograph_2007,
% 	Author = {Ramsey, Derek},
% 	Date = {2007-02-18},
% 	Date-Added = {2014-09-24 18:53:40 -0700},
% 	Date-Modified = {2014-09-24 18:53:40 -0700},
% 	File = {Wikimedia Snapshot:/Users/rob/Library/Application Support/Zotero/Profiles/fkj6otkt.default/zotero/storage/X93EA3X5/FileAmur_Tiger_Panthera_tigris_altaica_Cub_Walking_1500px.html:text/html},
% 	Rights = {Permission is granted to copy, distribute and/or modify this document under the terms of the {GNU} Free Documentation License, Version 1.2 only as published by the Free Software Foundation; with no Invariant Sections, no Front-Cover Texts, and no Back-Cover Texts. A copy of the license is included in the section entitled {GNU} Free Documentation License.},
% 	Title = {A photograph of a cub of an Amur Tigeren (Panthera tigris altaica en ). Photo taken at the Pittsburgh Zoo.},
% 	Url = {https://commons.wikimedia.org/wiki/File:Amur_Tiger_Panthera_tigris_altaica_Cub_Walking_1500px.jpg},
% 	Urldate = {2014-09-25},
% 	Bdsk-Url-1 = {https://commons.wikimedia.org/wiki/File:Amur_Tiger_Panthera_tigris_altaica_Cub_Walking_1500px.jpg}}

% @book{pathak_rural_2007,
% 	Abstract = {The agriculture in eastern Rajasthan is characterized by high risks from drought, degraded natural resources and pervasive poverty. At Gokulpura-Goverdhanpura village in Bundi Rajasthan, {ICRISAT} along with partners implemented integrated watershed project using holistic systems approach with integrated genetic and natural resource management ({IGNRM}) strategy. This report discusses the multi-faceted impact of this watershed program. It has been found that the science-led participatory watershed program at Gokulpura- Goverdhanpura had made positive impacts on natural resources, rural livelihoods and environment. The major impact of watershed interventions was seen in improving the surface and groundwater availability. Increased water availability resulted in increased cropping intensity and diversification to more remunerative land use systems involving livestock, horticultural and vegetable production. Overall, the watershed program has reduced land degradation, enhanced agricultural productivity and incomes, decreased poverty of rural poor, reduced labor migration and improved environment quality.},
% 	Address = {Patancheru, India},
% 	Author = {Pathak, P and Wani, SP and Sudi, R and Chourasia, AK and Singh, SN and Rao, Kesava},
% 	File = {aes6.pdf:/Users/rob/Library/Application Support/Zotero/Profiles/fkj6otkt.default/zotero/storage/3HF56DPH/aes6.pdf:application/pdf},
% 	Number = {36},
% 	Publisher = {International Crops Research Institute for the Semi-Arid Tropics ({ICRISAT})},
% 	Series = {Global Theme on Agroecosystems},
% 	Title = {Rural Prosperity through Integrated Watershed Management: A Case Study of Gokulpura--Goverdhanpura in Eastern Rajasthan},
% 	Url = {http://www.icrisat.org/Journal/volume5/aes/aes6.pdf},
% 	Urldate = {2014-09-07},
% 	Year = {2007},
% 	Bdsk-Url-1 = {http://www.icrisat.org/Journal/volume5/aes/aes6.pdf}}

% @book{searchinger_world_2013,
% 	Address = {Washington, {DC}},
% 	Author = {Searchinger, Tim and Hanson, Craig and Ranganathan, Janet and Lipinski, Brian and Waite, Richard and Winterbottom, Robert and Dinshaw, Ayesha and Heimlich, Ralph},
% 	File = {Searchinger Creating a sustainable food future In.pdf:/Users/rob/Library/Application Support/Zotero/Profiles/fkj6otkt.default/zotero/storage/J7IN4H36/Searchinger Creating a sustainable food future In.pdf:application/pdf},
% 	Keywords = {{WRI}-Equity-Report},
% 	Publisher = {World Resources Institute},
% 	Title = {World Resources Report 2013--14: Interim Findings---Creating a sustainable food future},
% 	Url = {http://www.wri.org/sites/default/files/WRI13_Report_4c_WRR_online.pdf},
% 	Urldate = {2014-06-06},
% 	Year = {2013},
% 	Bdsk-Url-1 = {http://www.wri.org/sites/default/files/WRI13_Report_4c_WRR_online.pdf}}
